@misc{Dosovitskiy,
  author       = {Dosovitskiy, Alexey and Beyer, Lucas and Kolesnikov, Alexander and Weissenborn, Dirk and Zhai, Xiaohua and Unterthiner, Thomas and Dehghani, Mostafa and Minderer, Matthias and Heigold, Georg and Gelly, Sylvain and Uszkoreit, Jakob and Houlsby, Neil},
  title        = {An Image is Worth 16x16 Words: Transformers for Image Recognition at Scale},
  year         = {2021},
  note         = {arXiv preprint arXiv:2010.11929. Available: \url{https://arxiv.org/abs/2010.11929}}
}

@misc{Matsoukas,
  author       = {Matsoukas, Christos and Fredin Haslum, Johan and SÃ¶derberg, Magnus and Smith, Kevin},
  title        = {Is it Time to Replace CNNs with Transformers for Medical Images?},
  year         = {2021},
  note         = {arXiv preprint arXiv:2108.09038. Available: \url{https://arxiv.org/abs/2108.09038}}
}

@misc{Github,
  author       = {bsdr18},
  title        = {Image Classification on Eye Disease Dataset},
  year         = {2021},
  note         = {GitHub repository. Available: \url{https://github.com/bsdr18/Image-Classification-on-Eye-Disease-Dataset} (accessed 2025-04-28)}
}

@misc{Burrola,
  author       = {Burrola, Derek},
  title        = {Ocular Disease Classification Using Machine Learning: A Comparative Study of CNN-Based Models},
  year         = {2024},
  note         = {Manuscript. Accessed: 2025-04-28}
}

@misc{Kaggle,
  author       = {Doddi, Guna Venkat},
  title        = {Eye Diseases Classification Dataset},
  year         = {2023},
  note         = {Kaggle dataset. Available: \url{https://www.kaggle.com/datasets/gunavenkatdoddi/eye-diseases-classification} (accessed 2025-04-28)}
}

@misc{Huggingface,
  author       = {Wightman, Ross},
  title        = {PyTorch Image Models},
  year         = {2019},
  note         = {GitHub repository. Available: \url{https://github.com/huggingface/pytorch-image-models}, DOI: \url{https://doi.org/10.5281/zenodo.4414861}}
}

@inproceedings{Cherlaramani,
  author       = {Chelaramani, S. and Gupta, M. and Agarwal, V. and Gupta, P. and Habash, R.},
  title        = {Multi-task Knowledge Distillation for Eye Disease Prediction},
  booktitle    = {Proceedings of the IEEE/CVF Winter Conference on Applications of Computer Vision (WACV)},
  pages        = {3983--3993},
  year         = {2021}
}

@article{Deangelis,
  author       = {Deangelis, Margaret M. and Silveira, Ana C. and Carr, Elise A. and Kim, Ivana K.},
  title        = {Genetics of Age-Related Macular Degeneration: Current Concepts, Future Directions},
  journal      = {Seminars in Ophthalmology},
  volume       = {26},
  number       = {3},
  pages        = {77--93},
  year         = {2011},
  month        = {May},
  doi          = {10.3109/08820538.2011.577129}
}

@article{Forouhi,
  author       = {Forouhi, Nita G. and Misra, Anoop and Mohan, Viswanathan and Taylor, Roy and Yancy, William},
  title        = {Dietary and Nutritional Approaches for Prevention and Management of Type 2 Diabetes},
  journal      = {BMJ},
  year         = {2018},
  pages        = {k2234},
  doi          = {10.1136/bmj.k2234},
  url          = {https://doi.org/10.1136/bmj.k2234}
}